@Article{Mark76,
author="Markowsky, George",
title="Chain-complete posets and directed sets with applications",
journal="algebra universalis",
year="1976",
month="Dec",
day="01",
volume="6",
number="1",
pages="53--68",
issn="1420-8911",
doi="10.1007/BF02485815",
url="https://doi.org/10.1007/BF02485815"
}

@article{BL09,
  author = {Sandrine Blazy and Xavier Leroy},
  title = {Mechanized semantics for the {Clight} subset of the {C} language},
  year = 2009,
  journal = {Journal of Automated Reasoning},
  url = {http://xavierleroy.org/publi/Clight.pdf},
  hal = {http://hal.inria.fr/inria-00352524/},
  urlpublisher = {http://dx.doi.org/10.1007/s10817-009-9148-3},
  volume = 43,
  number = 3,
  pages = {263-288}
}


@article{CFRWZ91,
 author = {Cytron, Ron and Ferrante, Jeanne and Rosen, Barry K. and Wegman, Mark N. and Zadeck, F. Kenneth},
 title = {Efficiently Computing Static Single Assignment Form and the Control Dependence Graph},
 journal = {ACM Trans. Program. Lang. Syst.},
 issue_date = {Oct. 1991},
 volume = {13},
 number = {4},
 month = oct,
 year = {1991},
 issn = {0164-0925},
 pages = {451--490},
 numpages = {40},
 url = {http://doi.acm.org/10.1145/115372.115320},
 doi = {10.1145/115372.115320},
 acmid = {115320},
 publisher = {ACM},
 address = {New York, NY, USA},
 keywords = {control dependence, control flow graph, def-use chain, dominator, optimizing compilers},
}

@article{ZNMZ13,
 author = {Zhao, Jianzhou and Nagarakatte, Santosh and Martin, Milo M.K. and Zdancewic, Steve},
 title = {Formal Verification of SSA-based Optimizations for LLVM},
 journal = {SIGPLAN Not.},
 issue_date = {June 2013},
 volume = {48},
 number = {6},
 month = jun,
 year = {2013},
 issn = {0362-1340},
 pages = {175--186},
 numpages = {12},
 url = {http://doi.acm.org/10.1145/2499370.2462164},
 doi = {10.1145/2499370.2462164},
 acmid = {2462164},
 publisher = {ACM},
 address = {New York, NY, USA},
 keywords = {coq, llvm, single static assignment},
}

@inproceedings{KKB12,
  publisher        = {Springer},
  author           = {Klein, Gerwin and Kolanski, Rafal and Boyton, Andrew},
  month            = {Aug},
  year             = {2012},
  title            = {Mechanised Separation Algebra},
  booktitle        = {ITP},
  pages            = {332-337},
}

@article{KKB12_afp,
  author  = {Gerwin Klein and Rafal Kolanski and Andrew Boyton},
  title   = {Separation Algebra},
  journal = {Archive of Formal Proofs},
  month   = may,
  year    = 2012,
  note    = {\url{http://isa-afp.org/entries/Separation_Algebra.html},
            Formal proof development},
  ISSN    = {2150-914x},
}

@article{Word_Lib-AFP,
  author  = {Joel Beeren and Matthew Fernandez and Xin Gao and Gerwin Klein and Rafal Kolanski and Japheth Lim and Corey Lewis and Daniel Matichuk and Thomas Sewell},
  title   = {Finite Machine Word Library},
  journal = {Archive of Formal Proofs},
  month   = jun,
  year    = 2016,
  note    = {\url{http://isa-afp.org/entries/Word_Lib.html},
            Formal proof development},
  ISSN    = {2150-914x},
}

@Article{MMW16,
author="Matichuk, Daniel
and Murray, Toby
and Wenzel, Makarius",
title="Eisbach: A Proof Method Language for Isabelle",
journal="Journal of Automated Reasoning",
year="2016",
month="Mar",
day="01",
volume="56",
number="3",
pages="261--282",
issn="1573-0670",
doi="10.1007/s10817-015-9360-2",
url="https://doi.org/10.1007/s10817-015-9360-2"
}

@book{App14,
 author = {Appel, Andrew W. and Dockins, Robert and Hobor, Aquinas and Beringer, Lennart and Dodds, Josiah and Stewart, Gordon and Blazy, Sandrine and Leroy, Xavier},
 title = {Program Logics for Certified Compilers},
 year = {2014},
 isbn = {110704801X, 9781107048010},
 publisher = {Cambridge University Press},
 address = {New York, NY, USA},
} 

@book{NiKl14,
 author = {Nipkow, Tobias and Klein, Gerwin},
 title = {Concrete Semantics: With Isabelle/HOL},
 year = {2014},
 isbn = {3319105418, 9783319105413},
 publisher = {Springer Publishing Company, Incorporated},
} 

@book{NPW02,
  author  = {Tobias Nipkow and Lawrence C. Paulson and Markus Wenzel},
  title   = {{Isabelle/HOL} --- A Proof Assistant for Higher-Order Logic},
  publisher = Springer,
  series  = LNCS,
  volume  = 2283,
  year    = 2002
}

@inproceedings{ZNMZ12,
 author = {Zhao, Jianzhou and Nagarakatte, Santosh and Martin, Milo M.K. and Zdancewic, Steve},
 title = {Formalizing the {LLVM} Intermediate Representation for Verified Program Transformations},
 booktitle = {Proc. of POPL},
 year = {2012},
 isbn = {978-1-4503-1083-3},
 location = {Philadelphia, PA, USA},
 pages = {427--440},
 numpages = {14},
 url = {http://doi.acm.org/10.1145/2103656.2103709},
 doi = {10.1145/2103656.2103709},
 acmid = {2103709},
 publisher = {ACM},
 keywords = {Coq, LLVM, memory safety},
} 

@article{BBP13,
  author    = {Jasmin Christian Blanchette and
               Sascha B{\"{o}}hme and
               Lawrence C. Paulson},
  title     = {Extending Sledgehammer with {SMT} Solvers},
  journal   = {J. Autom. Reasoning},
  volume    = {51},
  number    = {1},
  pages     = {109--128},
  year      = {2013},
  url       = {https://doi.org/10.1007/s10817-013-9278-5},
  doi       = {10.1007/s10817-013-9278-5},
  timestamp = {Tue, 06 Jun 2017 22:17:53 +0200},
  biburl    = {https://dblp.org/rec/bib/journals/jar/BlanchetteBP13},
  bibsource = {dblp computer science bibliography, https://dblp.org}
}


@article{FGMPS07,
 author = {Foster, J. Nathan and Greenwald, Michael B. and Moore, Jonathan T. and Pierce, Benjamin C. and Schmitt, Alan},
 title = {Combinators for Bidirectional Tree Transformations: A Linguistic Approach to the View-update Problem},
 journal = {ACM Trans. Program. Lang. Syst.},
 issue_date = {May 2007},
 volume = {29},
 number = {3},
 month = may,
 year = {2007},
 issn = {0164-0925},
 articleno = {17},
 url = {http://doi.acm.org/10.1145/1232420.1232424},
 doi = {10.1145/1232420.1232424},
 acmid = {1232424},
 publisher = {ACM},
 address = {New York, NY, USA},
 keywords = {Bidirectional programming, Harmony, XML, lenses, view update problem},
} 

@inproceedings{Rey02,
  author = {John C. Reynolds},
  title = {Separation Logic: A Logic for Shared Mutable Data Structures},
  booktitle = {Proc of. Logic in Computer Science (LICS)},
  year={2002},
  pages={55--74},
  publisher={IEEE}
}

@INPROCEEDINGS{CHY07,
  author={Calcagno, C. and O'Hearn, P.W. and Hongseok Yang},
  booktitle={LICS 2007},
  title={Local Action and Abstract Separation Logic},
  year={2007},
  month={July},
  pages={366-378},
}


@article{KMP77,
author = {Donald E. Knuth and James H. Morris, Jr. and Vaughan R. Pratt},
title = {Fast Pattern Matching in Strings},
journal = {SIAM Journal on Computing},
volume = {6},
number = {2},
pages = {323-350},
year = {1977},
doi = {10.1137/0206024},
URL = {https://doi.org/10.1137/0206024},
eprint = {https://doi.org/10.1137/0206024}
}

@inproceedings{Kr10,
  author={Alexander Krauss},
  title={Recursive definitions of monadic functions},
  booktitle={Proc. of PAR},
  volume={43},
  pages={1--13},
  year={2010}
}


@article{HeLa17,
  author  = {Fabian Hellauer and Peter Lammich},
  title   = {The string search algorithm by Knuth, Morris and Pratt},
  journal = {Archive of Formal Proofs},
  month   = dec,
  year    = 2017,
  note    = {\url{http://isa-afp.org/entries/Knuth_Morris_Pratt.html},
            Formal proof development},
  ISSN    = {2150-914x},
}

@Misc{LLVM-manual,
  title={{LLVM} Language Reference Manual},
  url={https://llvm.org/docs/LangRef.html}
}

@Misc{Clang,
  title={Clang: a {C} language family frontend for {LLVM}},
  url={https://clang.llvm.org/}
}

@Misc{MLton,
  title={{MLton}},
  url={http://mlton.org/}
}

@incollection{La13,
year={2013},
booktitle={ITP},
volume={7998},
series={LNCS},
title={Automatic Data Refinement},
publisher={Springer},
author={Lammich, Peter},
pages={84-99}
}


@INPROCEEDINGS{Wad89,
    author = {Philip Wadler},
    title = {Theorems for free!},
    booktitle = {Proc. of FPCA},
    year = {1989},
    pages = {347--359},
    publisher = {ACM}
}


@inproceedings{WiLa18,
  author    = {Simon Wimmer and Peter Lammich},
  title     = {Verified Model Checking of Timed Automata},
  booktitle = {TACAS 2018},
  pages     = {61--78},
  year      = {2018},
}

@inproceedings{FBL18,
  author    = {Mathias Fleury and
               Jasmin Christian Blanchette and
               Peter Lammich},
  title     = {A verified {SAT} solver with watched literals using imperative {HOL}},
  booktitle = {Proc. of CPP},
  pages     = {158--171},
  year      = {2018},
}

@inproceedings{La17_CADE,
  author    = {Peter Lammich},
  title     = {Efficient Verified {(UN)SAT} Certificate Checking},
  booktitle = {Proc. of CADE},
  year      = {2017},
  publisher = Springer,
}
 
@inproceedings{La17_SAT,
  author    = {Peter Lammich},
  title     = {The {GRAT} Tool Chain - Efficient {(UN)SAT} Certificate Checking with
               Formal Correctness Guarantees},
  booktitle = {SAT},
  pages     = {457--463},
  year      = {2017},
}

@inproceedings{LaTu12,
  author = {Peter Lammich and Thomas Tuerk},
  title = {Applying Data Refinement for Monadic Programs to {H}opcroft's Algorithm},
  booktitle = {ITP 2012},
  editor = "Lennart Beringer and Amy P. Felty",
  year = {2012},
  publisher = {Springer},
  volume = {7406},
  pages = {166--182},
  series = {{LNCS}}
}

@incollection{La15,
  year={2015},
  booktitle={ITP},
  volume={9236},
  series={LNCS},
  title={Refinement to {Imperative/HOL}},
  publisher={Springer},
  author={Lammich, Peter},
  pages={253-269},
}

@inproceedings{La16,
  author    = {Peter Lammich},
  title     = {Refinement based verification of imperative data structures},
  booktitle = {{CPP} 2016},
  editor = "Jeremy Avigad and Adam Chlipala",
  pages     = {27--36},
  publisher = {{ACM}},
  year      = {2016}
}




@misc{GRAT-homepage,
  author={Peter Lammich},
  title = "{GRAT}---{E}fficient Formally Verified SAT Solver Certification Toolchain",
  XXXtitle="{GRAT} Tool Chain Homepage",
  note="\url{http://www21.in.tum.de/~lammich/grat/}",
}

@Inproceedings{HKKN13,
  author="Haftmann, Florian and Krauss, Alexander and Kun{\v{c}}ar, Ond{\v{r}}ej and Nipkow, Tobias",
  title="Data Refinement in {Isabelle/HOL}",
  bookTitle="Proc. of ITP",
  year="2013",
  publisher=Springer,
  pages="100--115",
}

@incollection{ELNN13,
  year={2013},
  booktitle={CAV},
  volume={8044},
  series={LNCS},
  title={A Fully Verified Executable {LTL} Model Checker},
  publisher={Springer},
  author={Esparza, Javier and Lammich, Peter and Neumann, René and Nipkow, Tobias and Schimpf, Alexander and Smaus, Jan-Georg},
  pages={463-478},
}

@article{BrLa18,
  author    = {Julian Brunner and
               Peter Lammich},
  title     = {Formal Verification of an Executable {LTL} Model Checker with Partial
               Order Reduction},
  journal   = {J. Autom. Reasoning},
  volume    = {60},
  number    = {1},
  pages     = {3--21},
  year      = {2018},
  url       = {https://doi.org/10.1007/s10817-017-9418-4},
  doi       = {10.1007/s10817-017-9418-4},
  timestamp = {Thu, 25 Jan 2018 11:13:11 +0100},
  biburl    = {https://dblp.org/rec/bib/journals/jar/BrunnerL18},
  bibsource = {dblp computer science bibliography, https://dblp.org}
}

@inproceedings{LaSe16,
  author    = {Peter Lammich and S. Reza Sefidgar},
  title     = {Formalizing the {Edmonds-Karp} Algorithm},
  booktitle = {Proc. of ITP},
  pages     = {219--234},
  year      = {2016},
  published = Springer
}

@article{LaSe17,
  author    = {Peter Lammich and Reza S. Sefidgar},
  title     = {Formalizing Network Flow Algorithms},
  journal   = {To appear in J. Autom. Reasoning},
  volume    = {S.I. ITP 2016},
}


@misc{DPT,
  author={Goel, Amit and Grundy, Jim},
  title="{D}ecision {P}rocedure {T}oolkit",
  url="http://dpt.sourceforge.net/",
}


@article{CMS16,
  author    = {Lu{\'{\i}}s Cruz{-}Filipe and Joao Marques{-}Silva and Peter Schneider{-}Kamp},
  title     = {Efficient Certified Resolution Proof Checking},
  journal   = {CoRR},
  volume    = {abs/1610.06984},
  year      = {2016},
  url       = {http://arxiv.org/abs/1610.06984}
}

@article{CHHK16,
  author    = {Lu{\'{\i}}s Cruz{-}Filipe and
               Marijn Heule and
               Warren A. Hunt Jr. and
               Matt Kaufmann and
               Peter Schneider{-}Kamp},
  title     = {Efficient Certified {RAT} Verification},
  journal   = {CoRR},
  volume    = {abs/1612.02353},
  year      = {2016},
  url       = {http://arxiv.org/abs/1612.02353},
}

@inproceedings{CHHKS17,
  author    = {Cruz-Filipe, Lu{\'i}s and Heule, Marijn and Hunt, Warren and Kaufmann, Matt and Schneider-Kamp, Peter},
  title     = {Efficient Certified {RAT} Verification},
  booktitle = {Proc. of CADE},
  year      = {2017},
  publisher = Springer,
}


@inproceedings{HHKW17,
  author={Heule, Marijn and Hunt, Warren and Kaufmann, Matt and Wetzler, Nathan},
  title={Efficient, Verified Checking of Propositional Proofs},
  bookTitle="Proc. of ITP",
  year="2017",
  publisher=Springer,
}  

@inproceedings{CMS17,
  author={Cruz-Filipe, Lu{\'i}s and Marques-Silva, Joao and Schneider-Kamp, Peter},
  title={Efficient Certified Resolution Proof Checking},
  bookTitle="Proc. of TACAS",
  year="2017",
  publisher=Springer,
  pages="118--135",
}


@article{nieuwenhuis-et-al-2006,
 author = {Nieuwenhuis, Robert and Oliveras, Albert and Tinelli, Cesare},
 title = {Solving {SAT} and {SAT} Modulo Theories: From an Abstract {Davis}--{Putnam}--{Logemann}--{Loveland} Procedure to {DPLL(T)}},
 journal = {J. ACM},
 volume = {53},
 number = {6},
 year = {2006},
 pages = {937--977}
} 

@article{shankar-vaucher-2011,
  author    = {Natarajan Shankar and
               Marc Vaucher},
  title     = {The Mechanical Verification of a {DPLL}-Based Satisfiability Solver},
  journal   = {Electr. Notes Theor. Comput. Sci.},
  volume    = {269},
  pages     = {3--17},
  year      = {2011}
}

@phdthesis{lescuyer-2011,
  title = "Formalizing and Implementing a Reflexive Tactic for Automated Deduction in {C}oq",
  author = "Stephane Lescuyer",
  kind = "Ph.D.\ thesis",
  school = "Universit\'e Paris-Sud",
  year = 2011}

@incollection{oe-et-al-2012,
  author    = {Oe, Duckki and Stump, Aaron and Oliver, Corey and Clancy, Kevin},
  title     = {\texttt{versat}: A Verified Modern {SAT} Solver},
  booktitle = {{VMCAI} 2012},
  editor    = {Kuncak, Viktor and Rybalchenko, Andrey},
  pages     = {363-378},
  volume    = {7148},
  series    = {{LNCS}},
  publisher = {Springer},
  year      = {2012}
}

@inproceedings{moskewicz-et-al-2001,
  author    = {Matthew W. Moskewicz and
               Conor F. Madigan and
               Ying Zhao and
               Lintao Zhang and
               Sharad Malik},
  title     = {{Chaff}: Engineering an Efficient {SAT} Solver},
  booktitle = {{DAC} 2001},
  pages     = {530--535},
  year      = {2001},
  publisher = {{ACM}}
}

@article{maric-2010-tcs,
  author    = {Filip Mari\'c},
  title     = {Formal verification of a modern {SAT} solver by shallow embedding into {Isabelle}\slash {HOL}},
  journal   = {Theor. Comput. Sci.},
  volume    = {411},
  number    = {50},
  pages     = {4333--4356},
  year      = {2010}
}

@article{maric-2008,
  author    = {Filip Mari\'c},
  title     = {Formal Verification of Modern {SAT} Solvers},
  journal   = {Archive of Formal Proofs},
  note      = {\url{http://isa-afp.org/entries/SATSolverVerification.shtml},
    Formal proof development},
  year      = 2008,
  ISSN      = {2150-914x},
}

@misc{blanchette-et-al-isafol,
  author =
    "Heiko Becker and
     Jasmin Christian Blanchette and
     Mathias Fleury and
     Andreas Halkj{\ae}r From and
     Alexander Birch Jensen and
     Peter Lammich and
     John Bruntse Larsen and
     Julius Michaelis and
     Tobias Nipkow and
     Andrei Popescu and
     Anders Schlichtkrull and
     Sophie Tourret and
     Dmitriy Traytel and
     J{\o}rgen Villadsen",
  title = "{IsaFoL}: {I}sabelle {F}ormalization of {L}ogic",
  note = "\url{https://bitbucket.org/isafol/isafol/}"}

@misc{blanchette-fleury-isafol-weidenbach,
  author =
    "Mathias Fleury and Jasmin Christian Blanchette",
  title = "Formalization of {W}eidenbach's {\BOOKfull}",
  note = "\url{https://bitbucket.org/isafol/isafol/src/master/Weidenbach_Book/README.md},
    Formal proof development",
  year = 2017}

@phdthesis{fleury-2015-msc,
  author = "Mathias Fleury",
  title = "Formalisation of Ground Inference Systems in a Proof Assistant",
  school = "\'Ecole normale sup\'erieure de Rennes",
  year = 2015,
  type = "{M.Sc.}\ thesis",
  note = "\url{https://www.mpi-inf.mpg.de/fileadmin/inf/rg1/Documents/fleury_master_thesis.pdf}"}

@misc{sternagel-thiemann-isafor,
  author = "Christian Sternagel and Ren\'e Thiemann",
  title = "An {Isabelle/HOL} Formalization of Rewriting for Certified Termination Analysis",
  note = "\url{http://cl-informatik.uibk.ac.at/software/ceta/}"}

@article{heule-et-al-2014,
  author    = {Marijn Heule and
               Warren A. {Hunt Jr.} and
               Nathan Wetzler},
  title     = {Bridging the gap between easy generation and efficient verification
               of unsatisfiability proofs},
  journal   = {Softw. Test. Verif. Reliab.},
  volume    = {24},
  number    = {8},
  pages     = {593--607},
  year      = {2014}
}

@inproceedings{WHH14,
  author    = {Wetzler, Nathan and Heule, Marijn J. H. and Hunt, Warren A.},
  title     = {{DRAT}-trim: Efficient Checking and Trimming Using Expressive Clausal Proofs},
  editor = "Carsten Sinz and Uwe Egly",
  bookTitle = {{SAT} 2014},
  year      = {2014},
  publisher = {Springer},
  pages     = {422--429},
  series    = {{LNCS}},
  volume = 8561
}

@Inproceedings{WHH13,
  author    = {Wetzler, Nathan and Heule, Marijn J. H. and Hunt, Warren A.},
  title     = {Mechanical Verification of {SAT} Refutations with Extended Resolution},
  bookTitle = {ITP 2013},
  year      = {2013},
  publisher = {Springer},
  pages     = {229--244},
  volume = "7998",
  editor = "Sandrine Blazy and Christine Paulin-Mohring and David Pichardie",
  series    = {{LNCS}},
}

@book{nipkow-et-al-2002,
  author    = "Tobias Nipkow and Lawrence C. Paulson and Markus Wenzel",
  title     = "{I}sabelle/{HOL}: A Proof Assistant for Higher-Order Logic",
  publisher = "Springer",
  series    = {{LNCS}},
  volume    = {2283},
  year      = {2002}
}

@InCollection{wenzel-2007,
  author = 	 {Makarius Wenzel},
  title = 	 {{Isabelle/Isar}---{A} generic framework for human-readable proof documents},
  booktitle = 	 {From Insight to Proof: Festschrift in Honour of Andrzej Trybulec},
  publisher =	 {University of Bia{\l}ystok},
  year =	 2007,
  editor =	 {Roman Matuszewski and Anna Zalewska},
  volume =	 {10(23)},
  series =	 {Studies in Logic, Grammar, and Rhetoric}
}

@article{matuszewski-rudnicki-2005,
  title = "{Mizar}: The first 30 years",
  author = "Roman Matuszewski and Piotr Rudnicki",
  journal = "Mechanized Mathematics and Its Applications",
  volume = 4,
  number = 1,
  year = 2005,
  pages = "3--24"}

@inproceedings{kammueller-et-al-1999,
  author    = {Florian Kamm{\"u}ller and
               Markus Wenzel and
               Lawrence C. Paulson},
  title     = {Locales---{A} Sectioning Concept for {I}sabelle},
  booktitle = {TPHOLs '99},
  year      = {1999},
  pages     = {149--166},
  editor    = {Yves Bertot and
               Gilles Dowek and
               Andr{\'e} Hirschowitz and
               C. Paulin and
               Laurent Th{\'e}ry},
  publisher = {Springer},
  series    = {LNCS},
  volume    = {1690}
}

@article{ballarin-2014,
  author    = {Clemens Ballarin},
  title     = {Locales: {A} Module System for Mathematical Theories},
  journal   = {J. Autom. Reasoning},
  volume    = {52},
  number    = {2},
  pages     = {123--153},
  year      = {2014}
}

@inproceedings{voronkov-2014,
  author    = {Andrei Voronkov},
  title     = {{AVATAR}: The Architecture for First-Order Theorem Provers},
  pages     = {696--710},
  editor    = {Armin Biere and
               Roderick Bloem},
  booktitle = {CAV 2014},
  series    = {LNCS},
  volume    = {8559},
  publisher = {Springer},
  year      = {2014}
}

@article{church-1940,
  author        = "Alonzo Church",
  title         = "A Formulation of the Simple Theory of Types",
  journal = "J. Symb.\ Log.",
  year          = 1940,
  volume        = 5,
  number = 2,
  pages         = "56--68"}

@book{gordon-et-al-1979,
  author = "Michael J. C. Gordon and Robin Milner and Christopher P. Wadsworth",
  title = "Edinburgh {LCF}: A Mechanised Logic of Computation",
  series = "LNCS",
  volume = 78,
  publisher = "Springer",
  year = 1979}

@inproceedings{blanchette-popescu-2013,
  author = "J. C. Blanchette and Andrei Popescu",
  title = "Mechanizing the Metatheory of {S}ledgehammer",
  editor = "P. Fontaine and C. Ringeissen and R. A. Schmidt",
  booktitle = "FroCoS~2013",
  publisher = "Springer",
  series = "LNCS",
  volume    = {8152},
  pages     = {245--260},
  year = 2013
}


@book{nipkow-klein-2014,
  author    = {Tobias Nipkow and
               Gerwin Klein},
  title     = {Concrete Semantics:\ With {Isabelle/HOL}},
  publisher = {Springer},
  year      = {2014}
}

@inproceedings{paulson-blanchette-2010,
  author = "Lawrence C. Paulson and J. C. Blanchette",
  title = "Three Years of Experience with {Sledgehammer}, a~Practical Link Between Automatic and Interactive Theorem Provers",
  booktitle = "{IWIL-2010}",
  editor    = {Geoff Sutcliffe and Stephan Schulz and Eugenia Ternovska},
  series    = {EPiC},
  volume    = {2},
  pages     = {1--11},
  year      = {2012},
  publisher = {EasyChair}
}

@article{blanchette-et-al-2013-smt,
  author = {J. C. Blanchette and Sascha B{\"o}hme and Lawrence C. Paulson},
  title = "Extending {S}ledgehammer with {SMT} Solvers",
  journal = {J. Autom.\ Reasoning},
  volume = 51,
  number = 1,
  pages = "109--128",
  year = 2013}

@inproceedings{blanchette-et-al-2014-compl,
  title = "Unified classical logic completeness: A coinductive pearl",
  author = "Jasmin Christian Blanchette and Andrei Popescu and Dmitriy Traytel",
  booktitle = {IJCAR 2014},
  pages     = {46--60},
  editor    = {St{\'e}phane Demri and
               Deepak Kapur and
               Christoph Weidenbach},
  publisher = {Springer},
  series    = {LNCS},
  volume    = {8562},
  year      = {2014},
}

@inproceedings{pierce-2009,
  author    = {Benjamin C. Pierce},
  title     = {Lambda, the ultimate {TA}: Using a proof assistant to teach programming
               language foundations},
  booktitle = {{ICFP} 2009},
  pages     = {121--122},
  year      = {2009},
  editor    = {Graham Hutton and
               Andrew P. Tolmach},
  publisher = {{ACM}},
}

@book{knuth-2015,
  author = "Donald E. Knuth",
  title = "The Art of Computer Programming, Volume 4, Fascicle 6: Satisfiability",
  publisher = "Addison-Wesley",
  year = 2015}

@inproceedings{wand-2014,
  title = "Polymorphic+Typeclass Superposition",
  author = "Daniel Wand",
  pages = "105-119",
  booktitle = "PAAR-2014",
  editor = "Stephan Schulz and de Moura, Leonardo and Boris Konev",
  series    = {EPiC},
  volume    = {31},
  year      = {2014},
  publisher = {EasyChair}  
}

@article{klein-et-al-2010,
  author    = {Gerwin Klein and
               June Andronick and
               Kevin Elphinstone and
               Gernot Heiser and
               David Cock and
               Philip Derrin and
               Dhammika Elkaduwe and
               Kai Engelhardt and
               Rafal Kolanski and
               Michael Norrish and
               Thomas Sewell and
               Harvey Tuch and
               Simon Winwood},
  title     = {{seL4}: Formal verification of an operating-system kernel},
  journal   = {Commun.\ ACM},
  volume    = {53},
  number    = {6},
  year      = {2010},
  pages     = {107--115}
}

@inproceedings{blanchette-et-al-2011-frocos,
  author = "J. C. Blanchette and Lukas Bulwahn and Tobias Nipkow",
  title = "Automatic Proof and Disproof in {Isabelle\slash HOL}",
  editor = "Cesare Tinelli and Viorica Sofronie-Stokkermans",
  booktitle = {FroCoS~2011},
  series = "LNCS",
  volume = 6989,
  publisher = "Springer",
  pages = "12--27",
  year = 2011}

@inproceedings{boehme-weber-2010,
  author    = {Sascha B{\"o}hme and Tjark Weber},
  title     = {Fast {LCF}-Style Proof Reconstruction for {Z3}},
  pages     = "179--194",
  editor    = {Matt Kaufmann and
               Lawrence C. Paulson},
  booktitle = {{ITP} 2010},
  series    = {{LNCS}},
  volume    = {6172},
  publisher = {Springer},
  year      = {2010}
}

@article{blanchette-et-al-2016-isar,
  author    = {Jasmin Christian Blanchette and
               Sascha B{\"{o}}hme and
               Mathias Fleury and
               Steffen Juilf Smolka and
               Albert Steckermeier},
  title     = {Semi-intelligible {I}sar Proofs from Machine-Generated Proofs},
  journal   = {J. Autom. Reasoning},
  volume    = {56},
  number    = {2},
  pages     = {155--200},
  year      = {2016}
}

@inproceedings{harrison-1998,
  author    = {John Harrison},
  title     = {Formalizing Basic First Order Model Theory},
  booktitle = {TPHOLs '98},
  year      = {1998},
  pages     = {153--170},
  editor    = {Jim Grundy and
               Malcolm Newey},
  publisher = {Springer},
  series    = {LNCS},
  volume    = {1479}
}

@book{shankar-1994,
  title = {Metamathematics, Machines, and G\"odel's Proof},
  author = "Natarajan Shankar",
  series = "Cambridge Tracts in Theoretical Computer Science",
  volume = 38,
  publisher = "Cambridge University Press",
  year = 1994}

@article{woodcock-banach-2007,
  author    = {Jim Woodcock and
               Richard Banach},
  title     = {The Verification Grand Challenge},
  journal   = {J. Univers.\ Comput.\ Sci.},
  volume    = {13},
  number    = {5},
  pages     = {661--668},
  year      = {2007}
}

@inproceedings{haftmann-nipkow-2010,
  author    = {Florian Haftmann and Tobias Nipkow},
  title     = {Code Generation via Higher-Order Rewrite Systems},
  booktitle = {{FLOPS} 2010},
  year      = {2010},
  pages     = {103--117},
  editor    = {Matthias Blume and
               Naoki Kobayashi and
               Germ{\'a}n Vidal},
  publisher = {Springer},
  series    = {LNCS},
  volume    = {6009}
}

@inproceedings{krauss-2006,
  author    = {Alexander Krauss},
  title     = {Partial Recursive Functions in Higher-Order Logic},
  booktitle = {{IJCAR} 2006},
  pages     = {589--603},
  year      = {2006},
  editor    = {Ulrich Furbach and
               Natarajan Shankar},
  series    = {LNCS},
  volume    = {4130},
  publisher = {Springer}
}

@book{biere-et-al-2009,
  editor = "Armin Biere and Marijn Heule and Hans van Maaren and Toby Walsh",
  title = "Handbook of Satisfiability",
  volume = "185",
  series = "Frontiers in Artificial Intelligence and Applications",
  publisher = "IOS Press",
  year = 2009}

@incollection{bachmair-ganzinger-2001,
  author = "Leo Bachmair and Harald Ganzinger",
  title = "Resolution Theorem Proving",
  editor = "Alan Robinson and Andrei Voronkov",
  booktitle = "Handbook of Automated Reasoning",
  volume = "I",
  pages = "19--99",
  publisher = "Elsevier",
  year = 2001}

@inproceedings{reynolds-et-al-2014,
  author    = {Andrew Reynolds and
               Cesare Tinelli and
               Leonardo de Moura},
  title     = {Finding conflicting instances of quantified formulas in {SMT}},
  booktitle = {{FMCAD} 2014},
  editor = "Koen Claessen and Viktor Kuncak",
  pages     = {195--202},
  year      = {2014},
  publisher = {{IEEE Computer Society Press}}
}

@INPROCEEDINGS{Weidenbach15,
  author    = {Christoph Weidenbach},
  title     = {Automated Reasoning Building Blocks},
  booktitle = {Correct System Design: Symposium in Honor of Ernst-R\"udiger Olderog on the Occasion of His 60th Birthday},
  pages     = {172--188},
  year      = {2015},
  editor    = {Roland Meyer and
             Andr{\'{e}} Platzer and
             Heike Wehrheim},
  series    = {{LNCS}},
  volume    = {9360},
  publisher = {Springer}
}


@ARTICLE{DavisEtAl62,
AUTHOR    = {Martin Davis and
             George Logemann and
             Donald W. Loveland},
TITLE     = {A machine program for theorem-proving},
JOURNAL   = {Commun. ACM},
VOLUME    = {5},
NUMBER    = {7},
YEAR      = {1962},
PAGES     = {394--397}}


@INPROCEEDINGS{MSS96,
AUTHOR    = {Jo{\~a}o P. Marques-Silva and
             Karem A. Sakallah},
TITLE     = {{GRASP}---{A} new search algorithm for satisfiability},
CWBOOKTITLE = {International Conference on Computer Aided Design, ICCAD},
BOOKTITLE = {{ICCAD} '96},
YEAR      = {1996},
PUBLISHER = {{IEEE} Computer Society Press},
PAGES     = {220--227}}

@INPROCEEDINGS{BayardoSchrag96,
AUTHOR    = {Roberto J. {Bayardo Jr.} and
             Robert Schrag},
TITLE     = {Using {CSP} Look-Back Techniques to Solve Exceptionally Hard
             {SAT} Instances},
YEAR      = {1996},
PAGES     = {46--60},
EDITOR    = {Eugene C. Freuder},
CWBOOKTITLE     = {Proceedings of the Second International Conference on Principles
             and Practice of Constraint Programming, Cambridge, Massachusetts,
             USA, August 19-22, 1996},
BOOKTITLE = {CP96},
PUBLISHER = {Springer},
SERIES    = {LNCS},
VOLUME    = {1118}}

@article{luby-et-al-1993,
  author    = {Michael Luby and
               Alistair Sinclair and
               David Zuckerman},
  title     = {Optimal Speedup of {Las} {Vegas} Algorithms},
  journal   = {Inf.\ Process.\ Lett.},
  volume    = {47},
  number    = {4},
  pages     = {173--180},
  year      = {1993}
}

@inproceedings{nipkow-2012-lsd,
  author    = {Tobias Nipkow},
  title     = {Teaching Semantics with a Proof Assistant: No More {LSD} Trip Proofs},
  booktitle = {{VMCAI} 2012},
  pages     = {24--38},
  year      = {2012},
  editor    = {Viktor Kuncak and
               Andrey Rybalchenko},
  series    = {LNCS},
  volume    = {7148},
  publisher = {Springer},
}

@article{margetson-ridge-2004,
  title = "Completeness Theorem",
  author = "James Margetson and Tom Ridge",
  journal   = {Archive of Formal Proofs},
  note = "\url{http://isa-afp.org/entries/Completeness.shtml}, Formal proof development",
  volume = 2004}

@article{lammich-2016-irf,
  title = "The {I}mperative {R}efinement {F}ramework",
  author = "Peter Lammich",
  journal   = {Archive of Formal Proofs},
  note = "\url{http://isa-afp.org/entries/Refine_Imperative_HOL.shtml}, Formal proof development",
  volume = 2016}

@Inproceedings{Lammich2015,
  author    = {Peter Lammich},
  editor    = {Christian Urban and
               Xingyuan Zhang},
  title     = {Refinement to {I}mperative/{HOL}},
  booktitle = {{ITP} 2015},
  series    = {LNCS},
  volume    = {9236},
  pages     = {253--269},
  publisher = {Springer},
  year      = {2015}
}

@inproceedings{Lammich2013,
  author    = {Peter Lammich},
  editor    = {Sandrine Blazy and
               Christine Paulin{-}Mohring and
               David Pichardie},
  title     = {Automatic Data Refinement},
  booktitle = {{ITP} 2013},
  series    = {LNCS},
  volume    = {7998},
  pages     = {84--99},
  publisher = {Springer},
  year      = {2013}
}

@inproceedings{Blanchette2016,
  author    = {Jasmin Christian Blanchette and
               Mathias Fleury and
               Christoph Weidenbach},
  editor    = {Nicola Olivetti and
               Ashish Tiwari},
  title     = {A Verified {SAT} Solver Framework with Learn, Forget, Restart, and
               Incrementality},
  booktitle = {{IJCAR} 2016},
  series    = {LNCS},
  volume    = {9706},
  pages     = {25--44},
  publisher = {Springer},
  year      = {2016}
}

@article{blanchette-et-al-2017-sound-and-compl,
  author    = {Jasmin Christian Blanchette and
               Andrei Popescu and
               Dmitriy Traytel},
  title     = {Soundness and Completeness Proofs by Coinductive Methods},
  journal   = {J. Autom. Reasoning},
  volume    = {58},
  number    = {1},
  pages     = {149--179},
  year      = {2017}
}

@inproceedings{BKHEM08,
  author    = {Lukas Bulwahn and
               Alexander Krauss and
               Florian Haftmann and
               Levent Erk{\"{o}}k and
               John Matthews},
  editor    = {Otmane A{\"{\i}}t Mohamed and
               C{\'{e}}sar A. Mu{\~{n}}oz and
               Sofi{\`{e}}ne Tahar},
  title     = {Imperative Functional Programming with {I}sabelle/{HOL}},
  booktitle = {TPHOLs 2008},
  series    = {LNCS},
  volume    = {5170},
  pages     = {134--149},
  publisher = {Springer},
  year      = {2008}
}

@inproceedings{minisat,
  author    = {Niklas E{\'{e}}n and
               Niklas S{\"{o}}rensson},
  editor    = {Enrico Giunchiglia and
               Armando Tacchella},
  title     = {An Extensible {SAT}-solver},
  booktitle = {{SAT} 2003},
  series    = {LNCS},
  volume    = {2919},
  pages     = {502--518},
  publisher = {Springer},
  year      = {2003}
}

@inproceedings{blanchette-et-al-2014-impl,
  author    = {Jasmin Christian Blanchette and
               Johannes H{\"{o}}lzl and
               Andreas Lochbihler and
               Lorenz Panny and
               Andrei Popescu and
               Dmitriy Traytel},
  editor    = {Gerwin Klein and
               Ruben Gamboa},
  title     = {Truly Modular (Co)datatypes for {I}sabelle/{HOL}},
  booktitle = {{ITP} 2014},
  series    = {LNCS},
  volume    = {8558},
  pages     = {93--110},
  publisher = {Springer},
  year      = {2014}
}

@inproceedings{schlichtkrull-2016,
  author    = {Anders Schlichtkrull},
  editor    = {Jasmin Christian Blanchette and
               Stephan Merz},
  title     = {Formalization of the Resolution Calculus for First-Order Logic},
  booktitle = {{ITP} 2016},
  series    = {LNCS},
  volume    = {9807},
  pages     = {341--357},
  publisher = {Springer},
  year      = {2016}
}

%%% TODO: Update
@Unpublished{blanchette-verified-sat-jar,
  author    = {Blanchette, Jasmin Christian and Fleury, Mathias and Lammich, Peter and Weidenbach, Christoph},
  title     = {A Verified {SAT} Solver Framework with Learn, Forget, Restart, and Incrementality},
  note = "\url{http://matryoshka.gforge.inria.fr/pubs/sat_article.pdf}, Submitted",
}

@article{DBLP:journals/jar/MatichukMW16,
  author    = {Daniel Matichuk and
               Toby C. Murray and
               Makarius Wenzel},
  title     = {Eisbach: {A} Proof Method Language for {I}sabelle},
  journal   = {J. Autom. Reasoning},
  volume    = {56},
  number    = {3},
  pages     = {261--282},
  year      = {2016},
  timestamp = {Mon, 14 Mar 2016 11:44:35 +0100},
  biburl    = {http://dblp.dagstuhl.de/rec/bib/journals/jar/MatichukMW16},
  bibsource = {dblp computer science bibliography, http://dblp.org}
}

@inproceedings{DBLP:conf/itp/LammichL10,
  author    = {Peter Lammich and
               Andreas Lochbihler},
  title     = {The {I}sabelle {C}ollections {F}ramework},
  booktitle = {{ITP} 2010},
  series    = {LNCS},
  volume    = {6172},
  pages     = {339--354},
  publisher = {Springer},
  year      = {2010}
}

@article{DBLP:journals/jsat/Biere08,
  author    = {Armin Biere},
  title     = {{P}ico{SAT} Essentials},
  journal   = {{JSAT}},
  volume    = {4},
  number    = {2-4},
  pages     = {75--97},
  year      = {2008},
  timestamp = {Tue, 05 May 2009 14:33:01 +0200},
  biburl    = {http://dblp.uni-trier.de/rec/bib/journals/jsat/Biere08},
  bibsource = {dblp computer science bibliography, http://dblp.org}
}

@article{DBLP:journals/corr/Sternagel16,
  author    = {Christian Sternagel},
  title     = {The Generalized Subterm Criterion in {\TTTT}},
  journal   = {CoRR},
  volume    = {abs/1609.03432},
  url       = {http://arxiv.org/abs/1609.03432},
  year      = {2016}
}

@inproceedings{DBLP:conf/plpv/StumpDPSS09,
  author    = {Aaron Stump and
               Morgan Deters and
               Adam Petcher and
               Todd Schiller and
               Timothy W. Simpson},
  title     = {Verified programming in {G}uru},
  booktitle = {{PLPV} 2009},
  editor = "Thorsten Altenkirch and Todd D. Millstein",
  pages     = {49--58},
  publisher = {{ACM}},
  year      = {2009}
}

@inproceedings{audemard:hal-00845494,
  TITLE     = {{G}lucose 2.1: Aggressive---but Reactive---Clause Database Management, Dynamic Restarts},
  AUTHOR    = {Audemard, Gilles and Simon, Laurent},
  BOOKTITLE = {Workshop on the Pragmatics of {SAT} 2012},
  YEAR      = {2012}
}

@inproceedings{DBLP:conf/rta/KorpSZM09,
  author    = {Martin Korp and
               Christian Sternagel and
               Harald Zankl and
               Aart Middeldorp},
  title     = {{T}yrolean {T}ermination {T}ool 2},
  booktitle = {{RTA} 2009},
  editor = "Ralf Treinen",
  series    = {LNCS},
  volume    = {5595},
  pages     = {295--304},
  publisher = {Springer},
  year      = {2009}
}
